<record><leader>00000cas a22000007a 4500</leader><controlfield tag="001">14202034</controlfield><controlfield tag="008">860910d18811889wiuwr ne      0    0eng d</controlfield><datafield ind1=" " ind2=" " tag="010"><subfield code="a">sn 86086671 </subfield></datafield><datafield ind1=" " ind2=" " tag="040"><subfield code="a">NPV</subfield><subfield code="b">eng</subfield><subfield code="c">NPV</subfield><subfield code="d">OCLCQ</subfield></datafield><datafield ind1=" " ind2=" " tag="042"><subfield code="a">msc</subfield></datafield><datafield ind1="0" ind2="0" tag="245"><subfield code="a">Lake shore times.</subfield></datafield><datafield ind1=" " ind2=" " tag="260"><subfield code="a">Manitowoc, Wis. :</subfield><subfield code="b">Haukohl &amp; Baensch,</subfield><subfield code="c">1881-1889.</subfield></datafield><datafield ind1=" " ind2=" " tag="300"><subfield code="a">8 v.</subfield></datafield><datafield ind1=" " ind2=" " tag="310"><subfield code="a">Weekly</subfield></datafield><datafield ind1="0" ind2=" " tag="362"><subfield code="a">Vol. 1, no. 1 (Oct. 4, 1881)-v. 8, no. 416 (Sept. 24, 1889).</subfield></datafield><datafield ind1=" " ind2=" " tag="525"><subfield code="a">Supplements accompany some issues.</subfield></datafield><datafield ind1=" " ind2=" " tag="752"><subfield code="a">United States</subfield><subfield code="b">Wisconsin</subfield><subfield code="c">Manitowoc</subfield><subfield code="d">Manitowoc.</subfield></datafield></record>